<record><leader>00000cas a22000007a 4500</leader><controlfield tag="001">33341121</controlfield><controlfield tag="008">951020d18501851cauer ne      0    0eng d</controlfield><datafield ind1=" " ind2=" " tag="010"><subfield code="a">sn 95068673 </subfield></datafield><datafield ind1=" " ind2=" " tag="040"><subfield code="a">MGN</subfield><subfield code="b">eng</subfield><subfield code="c">MGN</subfield><subfield code="d">CNK</subfield><subfield code="d">OCLCQ</subfield></datafield><datafield ind1=" " ind2=" " tag="042"><subfield code="a">msc</subfield></datafield><datafield ind1="0" ind2=" " tag="130"><subfield code="a">San Francisco herald (San Francisco, Calif. : 1850)</subfield></datafield><datafield ind1="1" ind2="4" tag="245"><subfield code="a">The San Francisco herald.</subfield></datafield><datafield ind1=" " ind2=" " tag="250"><subfield code="a">Steamer ed.</subfield></datafield><datafield ind1=" " ind2=" " tag="260"><subfield code="a">San Francisco [Calif. :</subfield><subfield code="b">s.n.]</subfield></datafield><datafield ind1=" " ind2=" " tag="300"><subfield code="a">v.</subfield></datafield><datafield ind1=" " ind2=" " tag="310"><subfield code="a">Biweekly</subfield></datafield><datafield ind1="0" ind2=" " tag="362"><subfield code="a">Vol. 1, no. 1 (June 1, 1850)-</subfield></datafield><datafield ind1="1" ind2=" " tag="362"><subfield code="a">Ceased in 1851?</subfield></datafield><datafield ind1=" " ind2=" " tag="500"><subfield code="a">"For circulation in the States, Europe &amp; South America."</subfield></datafield><datafield ind1=" " ind2=" " tag="580"><subfield code="a">Daily ed.: San Francisco daily herald (San Francisco, Calif. : 1850).</subfield></datafield><datafield ind1=" " ind2=" " tag="752"><subfield code="a">United States</subfield><subfield code="b">California</subfield><subfield code="c">San Francisco</subfield><subfield code="d">San Francisco.</subfield></datafield><datafield ind1="1" ind2=" " tag="775"><subfield code="t">San Francisco daily herald (San Francisco, Calif. : 1850)</subfield><subfield code="w">(DLC)sn 82016461</subfield></datafield><datafield ind1="0" ind2="0" tag="785"><subfield code="t">San Francisco daily herald (San Francisco, Calif. : Steamer)</subfield><subfield code="w">(DLC)sn 85025309</subfield></datafield></record>